@article{challenger2014lenguaje,
	title={El lenguaje de programaci{\'o}n Python},
	author={Challenger-P{\'e}rez, Ivet and D{\'\i}az-Ricardo, Yanet and Becerra-Garc{\'\i}a, Roberto Antonio},
	journal={Ciencias Holgu{\'\i}n},
	volume={20},
	number={2},
	pages={1--13},
	year={2014},
	publisher={Centro de Informaci{\'o}n y Gesti{\'o}n Tecnol{\'o}gica de Holgu{\'\i}n}
}

@book{montoro2012python,
	title={Python 3 al descubierto},
	author={Montoro, Arturo Fern{\'a}ndez},
	year={2012},
	publisher={Rc Libros}
}

@article{khoirom2020comparative,
	title={Comparative analysis of Python and Java for beginners},
	author={Khoirom, Selina and Sonia, Moirangthem and Laikhuram, Borishphia and Laishram, Jaeson and Singh, Tekcham Davidson},
	journal={Int. Res. J. Eng. Technol},
	volume={7},
	pages={4384--4407},
	year={2020}
}

@article{rodolenguaje,
	title={El lenguaje Python},
	author={Rod{\'o}, David Masip}
}

@book{gutierrez2016python,
	title={Python paso a paso},
	author={Guti{\'e}rrez, {\'A}ngel Pablo Hinojosa},
	year={2016},
	publisher={Grupo Editorial RA-MA}
}

@misc{lopez2006programacion,
	title={Programaci{\'o}n orientada a objetos},
	author={L{\'o}pez, L},
	year={2006},
	publisher={M{\'e}xico: Alfaomega Grupo Editor SA}
}